<?xml version="1.0" encoding="UTF-8"?><collection xmlns="http://www.loc.gov/MARC21/slim"><record><leader>00559nam--2200181-i-4500</leader><controlfield tag="001">000020803</controlfield><controlfield tag="002">20161230</controlfield><controlfield tag="005">20161230201033</controlfield><controlfield tag="008">060222s1000------------r-----000-0-eng-d</controlfield><datafield ind1=" " ind2=" " tag="040"><subfield code="a">IFIN-HH</subfield></datafield><datafield ind1=" " ind2=" " tag="080"><subfield code="a">61</subfield></datafield><datafield ind1="1" ind2=" " tag="100"><subfield code="a">Mitta, A.E.A</subfield></datafield><datafield ind1="1" ind2="0" tag="245"><subfield code="a">Progress in radiopharmacology</subfield><subfield code="b">Proceedings of the vth internatuional symposium on radiopharmacology, october 29-31, 1986</subfield><subfield code="c">A.e.a. mitta; r.a. caro; c.o. canellas (eds.)</subfield></datafield><datafield ind1=" " ind2=" " tag="260"><subfield code="a">Buenos Aires</subfield><subfield code="c">1987</subfield></datafield><datafield ind1=" " ind2=" " tag="300"><subfield code="a">212P</subfield></datafield><datafield ind1="1" ind2=" " tag="700"><subfield code="a">Canellas, C.O</subfield><subfield code="e">Ed</subfield></datafield><datafield ind1=" " ind2=" " tag="852"><subfield code="a">80787</subfield><subfield code="c">61</subfield></datafield><datafield ind1=" " ind2=" " tag="CAT"><subfield code="a">Sys</subfield><subfield code="c">20110412</subfield><subfield code="h">143029</subfield></datafield></record></collection>